@Article{strong1998entropy,
  author    = {Strong, Steven P and Koberle, Roland and Van Steveninck, Rob R De Ruyter and Bialek, William},
  journal   = {Physical review letters},
  title     = {Entropy and information in neural spike trains},
  year      = {1998},
  number    = {1},
  pages     = {197},
  volume    = {80},
  publisher = {APS},
}

@Comment{jabref-meta: databaseType:bibtex;}
